<?xml version="1.0" encoding="UTF-8"?><record xmlns="http://www.loc.gov/MARC21/slim" xmlns:cinclude="http://apache.org/cocoon/include/1.0" xmlns:zs="http://www.loc.gov/zing/srw/">
  <leader>01058cz  a2200169n  4500</leader>
  <controlfield tag="001">n 2006207765</controlfield>
  <controlfield tag="003">DLC</controlfield>
  <controlfield tag="005">20120816080940.0</controlfield>
  <controlfield tag="008">060719n| acannaabn          |a ana      </controlfield>
  <datafield tag="010" ind1=" " ind2=" ">
    <subfield code="a">n 2006207765</subfield>
  </datafield>
  <datafield tag="040" ind1=" " ind2=" ">
    <subfield code="a">DLC</subfield>
    <subfield code="b">eng</subfield>
    <subfield code="c">DLC</subfield>
    <subfield code="d">DLC</subfield>
  </datafield>
  <datafield tag="111" ind1="2" ind2=" ">
    <subfield code="a">South Asia Regional Ministerial Conference Celebrating Beijing Plus Ten</subfield>
  </datafield>
  <datafield tag="411" ind1="2" ind2=" ">
    <subfield code="a">Conference Celebrating Beijing Plus Ten, South Asia Regional Ministerial</subfield>
  </datafield>
  <datafield tag="411" ind1="2" ind2=" ">
    <subfield code="a">Ministerial Conference Celebrating Beijing Plus Ten, South Asia Regional</subfield>
  </datafield>
  <datafield tag="411" ind1="2" ind2=" ">
    <subfield code="a">Regional Ministerial Conference Celebrating Beijing Plus Ten, South Asia</subfield>
  </datafield>
  <datafield tag="667" ind1=" " ind2=" ">
    <subfield code="a">THIS 1XX FIELD CANNOT BE USED UNDER RDA UNTIL THIS RECORD HAS BEEN REVIEWED AND/OR UPDATED</subfield>
  </datafield>
  <datafield tag="670" ind1=" " ind2=" ">
    <subfield code="a">South Asia Regional Ministerial Conference Celebrating Beijing Plus Ten (5th : 2005 : Islāmabād, Pakistan). Report of the Fifth South Asia Regional Ministerial Conference Celebrating Beijing Plus Ten, 3-5 May, 2005, Islāmabād, Pakistan, 2006:</subfield>
    <subfield code="b">t.p. (South Asia Regional Ministerial Conference Celebrating Beijing Plus Ten, 3-5 May, 2005, Islamabad, Pakistan)</subfield>
  </datafield>
</record>